@Article{reference1,
  title = {KEGG: Kyoto Encyclopedia of Genes and Genomes},
  author = {Minoru Kanehisa and Susumu Goto},
  journal = {Nucleic Acids Research},
  year = {2000},
  volumn = {28},
  pages = {27-30},
  doi = {10.1093/nar/28.1.27}
}

@Article{reference2,
  title = {HMDB 4.0: the human metabolome database for 2018},
  author = {David S Wishart and Yannick Djoumbou Feunang and Ana Marcu and An Chi Guo and Kevin Liang and Rosa Vázquez-Fresno and Tanvir Sajed and Daniel Johnson and Carin Li and Naama Karu and Zinat Sayeeda and Elvis Lo and Nazanin Assempour and Mark Berjanskii and Sandeep Singhal and David Arndt and Yonjie Liang and Hasan Badran and Jason Grant and Arnau Serra-Cayuela and Yifeng Liu and Rupa Mandal and Vanessa Neveu and Allison Pon and Craig Knox and Michael Wilson and Claudine Manach and Augustin Scalbert},
  journal = {Nucleic Acids Research},
  year = {2017},
  volumn = {46},
  pages = {D608-D617},
  doi = {10.1093/nar/gkx1089}
}

@Article{reference3,
  title = {Update of the LIPID MAPS comprehensive classification system for lipids},
  author = {Eoin Fahy and Shankar Subramaniam and Robert C. Murphy and Masahiro Nishijima and Christian R. H. Raetz and Takao Shimizu and Friedrich Spener and Gerrit van Meer and Michael J. O. Wakelam and Edward A. Dennis},
  journal = {The Journal of Lipid Research},
  year = {2008},
  volumn = {50},
  pages = {S9-S14},
  doi = {10.1194/jlr.R800095-JLR200}
}

@Article{reference4,
  title = {MINEs: open access databases of computationally predicted enzyme promiscuity products for untargeted metabolomics},
  author = {James G Jeffryes and Ricardo L Colastani and Mona Elbadawi-Sidhu and Tobias Kind and Thomas D Niehaus and Linda J Broadbelt and Andrew D Hanson and Oliver Fiehn and Keith E J Tyo and Christopher S Henry},
  journal = {Journal of Cheminformatics},
  year = {2015},
  volumn = {7},
  number = {44},
  doi = {10.1186/s13321-015-0087-1}
}


@Article{reference5,
  title = {DrugBank 5.0: a major update to the DrugBank database for 2018},
  author = {David S Wishart and Yannick D Feunang and An C Guo and Elvis J Lo and Ana Marcu and Jason R Grant and Tanvir Sajed and Daniel Johnson and Carin Li and Zinat Sayeeda and Nazanin Assempour and Ithayavani Iynkkaran and Yifeng Liu and Adam Maciejewski and Nicola Gale and Alex Wilson and Lucy Chin and Ryan Cummings and Diana Le and Allison Pon and Craig Knox and Michael Wilson},
  journal = {Nucleic Acids Research},
  year = {2017},
  volumn = {46},
  pages = {D1074-D1082},
  doi = {10.1093/nar/gkx1037}
}

@Article{reference6,
  title = {EPA’s DSSTox database: History of development of a curated chemistry resource supporting computational toxicology research},
  author = {Christopher M.Grulke and Antony J.Williams and InthiranyThillanadarajah and Ann M.Richard},
  journal = {Computational Toxicology},
  year = {2019},
  volumn = {12},
  number = {100096},
  doi = {10.1016/j.comtox.2019.100096}
}

@Article{reference7,
  title = {Use of Natural Products as Chemical Library for Drug Discovery and Network Pharmacology},
  author = {Jiangyong Gu and Yuanshen Gui and Lirong Chen and Gu Yuan and Hui-Zhe Lu and Xiaojie Xu},
  journal = {Nucleic Acids Research},
  year = {2013},
  volumn = {8},
  number = {e62839},
  doi = {10.1371/journal.pone.0062839}
}

@Article{reference8,
  title = {ClassyFire: automated chemical classification with a comprehensive, computable taxonomy},
  author = {Yannick Djoumbou Feunang and Roman Eisner and Craig Knox and Leonid Chepelev and Janna Hastings and Gareth Owen and Eoin Fahy and Christoph Steinbeck and Shankar Subramanian and Evan Bolton and Russell Greiner and David S. Wishart},
  journal = {Journal of Cheminformatics},
  year = {2065},
  volumn = {8},
  number = {61},
  doi = {10.1186/s13321-016-0174-y}
}

@Article{reference9,
  title = {LipidIMMS Analyzer: integrating multi-dimensional information to support lipid identification in ion mobility-mass spectrometry based lipidomics},
  author = {Zhiwei Zhou and Xiaotao Shen and Xi Chen and Jia Tu and Xin Xiong and Zheng-Jiang Zhu},
  journal = {Bioinformatics},
  year = {2019},
  volumn = {35},
  pages = {698-700},
  doi = {10.1093/bioinformatics/bty661}
}

@Article{reference10,
  title = {Advancing CCS database towards metabolite annotation},
  author = {Zhiwei Zhou and Mingdu Luo and Xi Chen and Zheng-Jiang Zhu},
  journal = {In preparing},
  year = {2020},
  volumn = {xxx}
}

